<collection xmlns="http://www.loc.gov/MARC21/slim">
<record>
  <leader>01585nam0a2200313 i 450 </leader>
  <controlfield tag="001">IT\ICCU\CNCE\015823</controlfield>
  <controlfield tag="005">20081209000000.0</controlfield>
  <datafield tag="012" ind1=" " ind2=" ">
    <subfield code="a">i-i- X.s, t?s, VnTe (3) 1550 (R)</subfield>
    <subfield code="2">fei</subfield>
  </datafield>
  <datafield tag="100" ind1=" " ind2=" ">
    <subfield code="a">19970101d1550        0itac0103    ba</subfield>
  </datafield>
  <datafield tag="101" ind1=" " ind2=" ">
    <subfield code="a">LAT</subfield>
  </datafield>
  <datafield tag="102" ind1=" " ind2=" ">
    <subfield code="a">IT</subfield>
  </datafield>
  <datafield tag="200" ind1="1" ind2=" ">
    <subfield code="a">℗Ferdinandi Adduensis iurisconsulti  ℗Carmen ad Christophorum Madruccium cardinalem &amp; principem Tidentinum</subfield>
  </datafield>
  <datafield tag="210" ind1=" " ind2=" ">
    <subfield code="a">Mediolani</subfield>
    <subfield code="c">apud Valerium</subfield>
    <subfield code="d">et Hieronymum Metios fratres</subfield>
    <subfield code="d">1550</subfield>
    <subfield code="e">Excudebant Mediolani</subfield>
    <subfield code="g">Hieronymus et Valerius Metii</subfield>
    <subfield code="h">Vincentii filii</subfield>
    <subfield code="h">1550 XIII Calendas Nouembris</subfield>
  </datafield>
  <datafield tag="215" ind1=" " ind2=" ">
    <subfield code="a">XXXVIII, \2! p.</subfield>
    <subfield code="d">4ʻ</subfield>
  </datafield>
  <datafield tag="620" ind1=" " ind2=" ">
    <subfield code="a">IT</subfield>
    <subfield code="d">Milano</subfield>
  </datafield>
  <datafield tag="700" ind1=" " ind2="1">
    <subfield code="a">D&apos;Adda,</subfield>
    <subfield code="b">Ferdinando</subfield>
    <subfield code="3">IT\ICCU\CNCA\004539</subfield>
  </datafield>
  <datafield tag="712" ind1="0" ind2="0">
    <subfield code="a">Meda, Valerio &amp; Meda, Girolamo</subfield>
    <subfield code="3">IT\ICCU\CNCT\000036</subfield>
    <subfield code="4">650</subfield>
  </datafield>
  <datafield tag="790" ind1=" " ind2="1">
    <subfield code="a">Adda,</subfield>
    <subfield code="b">Ferdinando : d&apos;</subfield>
    <subfield code="3">IT\ICCU\CNCA\004540</subfield>
    <subfield code="z">D&apos;Adda, Ferdinando</subfield>
  </datafield>
  <datafield tag="790" ind1=" " ind2="1">
    <subfield code="a">Abduensis,</subfield>
    <subfield code="b">Ferdinandus</subfield>
    <subfield code="3">IT\ICCU\CNCA\007524</subfield>
    <subfield code="z">D&apos;Adda, Ferdinando</subfield>
  </datafield>
  <datafield tag="790" ind1=" " ind2="1">
    <subfield code="a">Adduensis,</subfield>
    <subfield code="b">Ferdinandus</subfield>
    <subfield code="3">IT\ICCU\CNCA\020835</subfield>
    <subfield code="z">D&apos;Adda, Ferdinando</subfield>
  </datafield>
  <datafield tag="790" ind1=" " ind2="1">
    <subfield code="a">Adda,</subfield>
    <subfield code="b">Ferdinando</subfield>
    <subfield code="3">IT\ICCU\CNCA\023074</subfield>
    <subfield code="z">D&apos;Adda, Ferdinando</subfield>
  </datafield>
  <datafield tag="791" ind1="0" ind2="0">
    <subfield code="a">Meda, Girolamo</subfield>
    <subfield code="3">IT\ICCU\CNCT\000037</subfield>
    <subfield code="z">Meda, Valerio &amp; Meda, Girolamo</subfield>
  </datafield>
  <datafield tag="801" ind1=" " ind2="3">
    <subfield code="a">IT</subfield>
    <subfield code="b">ICCU</subfield>
    <subfield code="c">20201114</subfield>
  </datafield>
  <datafield tag="899" ind1=" " ind2=" ">
    <subfield code="a">Biblioteca civica Queriniana. Brescia</subfield>
    <subfield code="1">BS0026</subfield>
    <subfield code="2">ZBS 01</subfield>
  </datafield>
  <datafield tag="899" ind1=" " ind2=" ">
    <subfield code="a">Biblioteca comunale. Como</subfield>
    <subfield code="1">CO0059</subfield>
    <subfield code="2">ZCO 01</subfield>
  </datafield>
  <datafield tag="899" ind1=" " ind2=" ">
    <subfield code="a">Biblioteca Apostolica Vaticana. Citt ̉del Vaticano</subfield>
    <subfield code="1">EX0001</subfield>
    <subfield code="2">ZCV 01</subfield>
  </datafield>
  <datafield tag="899" ind1=" " ind2=" ">
    <subfield code="a">Biblioteca Ambrosiana. Milano</subfield>
    <subfield code="1">MI0133</subfield>
    <subfield code="2">VBA 01</subfield>
  </datafield>
  <datafield tag="899" ind1=" " ind2=" ">
    <subfield code="a">Archivio storico civico e Biblioteca Trivulziana. Milano</subfield>
    <subfield code="1">MI0327</subfield>
    <subfield code="2">LO1 13</subfield>
  </datafield>
  <datafield tag="899" ind1=" " ind2=" ">
    <subfield code="a">Biblioteca comunale. Trento</subfield>
    <subfield code="1">TN0121</subfield>
    <subfield code="2">ZTN 01</subfield>
  </datafield>
</record>
</collection>
